@misc{SandBlaster,
  title = {{SandBlaster}},
  howpublished = {\url{https://github.com/sand-blaster/SandBlaster}},
  note = {Accessed: 2016-04-11},
}

@misc{iPhoneDevWiki,
  title = {{iPhone Development Wiki}},
  howpublished = {\url{http://iphonedevwiki.net/index.php/Main_Page}},
  note = {Accessed: 2016-04-11},
}

@book{levin2012mac,
  title = {{Mac OS X and IOS Internals: To the Apple's Core}},
  author = {Levin, Jonathan},
  year = {2012},
  publisher = {John Wiley \& Sons}
}

@misc{iOS9White,
  title = {{iOS Security Guide}},
  howpublished = {\url{https://www.apple.com/business/docs/iOS_Security_Guide.pdf}},
  author = {Apple},
  note = {Accessed: 2016-04-11},
}

@misc{devLibrary,
  title = {iOS Developer Library},
  howpublished = {\url{https://developer.apple.com/library/ios/navigation/}},
  author = {Apple},
  note = {Accessed: 2016-04-11},
}

@misc{esserSandbox,
  title = {{iOS8 Containers, Sandboxes and Entitlements}},
  howpublished = {\url{http://www.slideshare.net/i0n1c/ruxcon-2014-stefan-esser-ios8-containers-sandboxes-and-entitlements}},
  author = {Esser, Stefan},
  note = {Accessed: 2016-04-11},
}

@book{miller2012ios,
  title = {{iOS Hacker's Handbook}},
  author = {Miller, Charlie and Blazakis, Dion and DaiZovi, Dino and Esser, Stefan and Iozzo, Vincenzo and Weinmann, Ralf-Philip},
  year = {2012},
  publisher = {John Wiley \& Sons}
}

@inproceedings{Blazakis11theapple,
    title = {{The Apple Sandbox}},
    author = {Dionysus Blazakis},
    booktitle = {{In Black Hat DC}},
    year = {2011}
}

@misc{fgSandboxGuide,
  title = {{Apple's Sandbox Guide v1.0}},
  author = {fG!},
  howpublished = {\url{http://reverse.put.as/wp-content/uploads/2011/09/Apple-Sandbox-Guide-v1.0.pdf}},
  note = {Accessed: 2016-04-11},
}

@inproceedings{zovi-blackhat-iOS4,
  title = {{Apple iOS 4 Security Evaluation}},
  author = {Dino Dai Zovi},
  booktitle = {BlackHat USA},
  howpublished = {\url{https://www.trailofbits.com/resources/ios4_security_evaluation_paper.pdf}},
  year = 2011
}

@misc{shared-cache-extraction,
  title = {{iOS Shared Cache Extraction to solve "redacted" problem}},
  author = {{ant4g0nist}},
  howpublished = {\url{iOS Shared Cache Extraction to solve "redacted" problem}},
  note = {Accessed: 2016-07-04},
}

@misc{kernel-reversing,
  title = {{iOS Kernel Reversing Step by Step}},
  author = {{NowSecure}},
  howpublished = {\url{https://www.nowsecure.com/blog/2014/04/14/ios-kernel-reversing-step-by-step/}},
  note = {Accessed: 2016-07-04},
}

@misc{firmware-keys,
  title = {{Firmware Keys}},
  author = {{the iPhone wiki}},
  howpublished = {\url{https://www.theiphonewiki.com/wiki/Firmware_Keys}},
  note = {Accessed: 2016-07-04},
}

@misc{ios-popularity,
  title = {{Smartphone OS Market Share, 2015 Q2}},
  author = {{IDC Research, Inc.}},
  howpublished = {\url{http://www.idc.com/prodserv/smartphone-os-market-share.jsp}},
  note = {Accessed: 2016-07-24},
}

@misc{apple-app-sandbox-design-guide,
  title = {{App Sandbox Design Guide}},
  author = {{Apple Inc.}},
  howpublished = {\url{https://developer.apple.com/library/mac/documentation/Security/Conceptual/AppSandboxDesignGuide/AboutAppSandbox/AboutAppSandbox.html}},
  note = {Accessed: 2016-07-24},
}
